% Encoding: UTF-8

%---------------------MyCitations---------------------%


%---------------------CLI-Apps---------------------%

%webSite
@ONLINE{cli_khal,
    author = {{pimutils}},
    title = {khal},
    year = {2013},
    month = {aug},
    note = {[Online; accessed Feb 2, 2023]},
    url = {https://github.com/pimutils/khal}
}

%webSite
@ONLINE{cli_calcurse,
    author = {{calcurse Development Team}},
    title = {calcurse},
    year = {2012},
    note = {[Online; accessed Feb 2, 2023]},
    url = {https://calcurse.org}
}

%webSite
@ONLINE{cli_remind,
    author = {{Dianne Skoll}},
    title = {remind},
    year = {1996},
    month = {mar},
    note = {[Online; accessed Feb 2, 2023]},
    url = {https://dianne.skoll.ca/projects/remind/}
}











%---------------------Forums---------------------%


%webSite
@ONLINE{forum_rCommandLine,
    author = {{Reddit}},
    title = {Command Line},
    year = {2010},
    month = sep,
    note = {[Online; accessed Jan 24, 2023]},
    url = {https://www.reddit.com/r/commandline/}
}

%webSite
@ONLINE{forum_rAndroidapps,
    author = {{Reddit}},
    title = {Apps for Android!},
    year = {2009},
    month = dec,
    note = {[Online; accessed Jan 24, 2023]},
    url = {https://www.reddit.com/r/androidapps/}
}

%webSite
@ONLINE{forum_rIOSapps,
    author = {{Reddit}},
    title = {iOS Apps},
    year = {2010},
    month = oct,
    note = {[Online; accessed Jan 24, 2023]},
    url = {https://www.reddit.com/r/iosapps/}
}

%webSite
@ONLINE{forum_unixAndLinux,
    author = {{Stack Exchange}},
    title = {Unix \& Linux},
    note = {[Online; accessed Jan 24, 2023]},
    url = {https://unix.stackexchange.com}
}

%webSite
@ONLINE{forum_archlinux,
    title = {archlinux Forums},
    note = {[Online; accessed Jan 24, 2023]},
    url = {https://bbs.archlinux.org}
}

%webSite
@ONLINE{forum_debianUserForums,
    title = {Debian User Forums},
    note = {[Online; accessed Jan 24, 2023]},
    url = {https://forums.debian.net/index.php}
}

%webSite
@ONLINE{forum_linuxMintForums,
    title = {Linux Mint Forums},
    note = {[Online; accessed Jan 24, 2023]},
    url = {https://forums.linuxmint.com/index.php?sid=a358cbf3d4a2eb882e8ec10c36f507a4}
}

%webSite
@ONLINE{forum_puppyLinux,
    title = {Puppy Linux Discussion Forum},
    note = {[Online; accessed Jan 24, 2023]},
    url = {https://forums.linuxmint.com/index.php?sid=a358cbf3d4a2eb882e8ec10c36f507a4}
}




















%---------------------Smartphone-VS-Pc---------------------%

% 74% of Americans feel uneasy leaving their phone at home
@ONLINE{pcVsphone_feelingUneasyWhenLeavingPhoneHome,
    author = {{Trevor Wheelwright}},
    title = {2022 Cell Phone Usage Statistics: How Obsessed Are We?},
    year = {2022},
    month = jan,
    note = {[Online; accessed Jan 30, 2023]},
    url = {https://www.reviews.org/mobile/cell-phone-addiction/}
}
    
% average of ~6.4h screen time online
@ONLINE{pcVsphone_totalScreenTime,
    author = {{GlobalWebIndex}},
    title = {The global media landscape},
    year = {2022},
    pages = {18},
    note = {[Online; accessed Jan 31, 2023]},
    url = {https://mpost.io/wp-content/uploads/GWI-Global-Media-Landscape-2023.pdf}
}

% average of ~6.4h screen time online
@ONLINE{pcVsphone_totalScreenTime2,
    author = {{GlobalWebIndex}},
    title = {Connecting the dots},
    year = {2022},
    pages = {8},
    note = {[Online; accessed Jan 30, 2023]},
    url = {https://mpost.io/wp-content/uploads/GWI-Connecting-The-Dots-2023-Global-Trends.pdf}
}

%average of 3 hours 44m Spent on Mobile Per Day Per User and 2:59 Pc
@ONLINE{pcVsphone_phoneScreenTime, 
    author = {{GlobalWebIndex}},
    title = {The global media landscape},
    year = {2022},
    pages = {15},
    note = {[Online; accessed Jan 31, 2023]},
    url = {https://mpost.io/wp-content/uploads/GWI-Global-Media-Landscape-2023.pdf}
}

%ownership phone: 96 vs pc 59
@ONLINE{pcVsphone_deviceOwnership, 
    author = {{GlobalWebIndex}},
    title = {The global media landscape},
    year = {2022},
    pages = {9},
    note = {[Online; accessed Jan 31, 2023]},
    url = {https://mpost.io/wp-content/uploads/GWI-Global-Media-Landscape-2023.pdf}
}

% handy Benutzung wird als einfacher bewertet
% activities carried out on large-screen devices like desktop computers and laptops were considered more important than those performed on smartphones
@ONLINE{pcVsphone_easyUseVsImportantTask,
    author = {{Kate Moran \& Kim Salazar}},
    title = {Large Devices Preferred for Important Tasks},
    year = {2019},
    month = aug,
    note = {[Online; accessed Jan 31, 2023]},
    url = {https://www.nngroup.com/articles/large-devices-important-tasks/}
}

% Approximately 83% of all social media visits are from mobile devices, compared to around 15% on desktops or laptop computers... / ...Phones and Tablets Combine for 83% of Site Visits from Social Media
@ONLINE{pcVsphone_socialMediaMobileUsage,
    author = {{Merkle}},
    title = {Download Digital Marketing Report: Q4 2019},
    year = {2019},
    month = Q4,
    pages = {19},
    note = {[Online; accessed Jan 31, 2023]},
    url = {https://www.merkle.com/thought-leadership/white-papers/digital-marketing-report-q4-2019/thankyou}
}

%keine Primärquelle! nicht gefunden
% 98.5% use facebook via mobile
@ONLINE{pcVsphone_socialMediaFacebookMobileUsage,
    author = {{Simon Kemp}},
    title = {Digital 2022: global overview report},
    year = {2022},
    month = jan,
    pages = {127},
    note = {[Online; accessed Jan 31, 2023]},
    url = {https://datareportal.com/reports/digital-2022-global-overview-report?utm_source=Global_Digital_Reports&utm_medium=Article&utm_campaign=Digital_2022}
}

% 85% use pinterest via mobile
@ONLINE{pcVsphone_socialMediaPinterestMobileUsage,
    author = {{pinterest}},
    title = {Company},
    year = {2023},
    note = {[Online; accessed Jan 30, 2023]},
    url = {https://newsroom.pinterest.com/en/company}
}

%mobile more for personal and desktop more for workemails
@ONLINE{pcVsphone_personalEmailsVsWorkEmails,
    author = {{Ryan Dietzen}},
    title = {Email Use 2017 - US report},
    year = {2017},
    pages = {16},
    note = {[Online; accessed Jan 30, 2023]},
    url = {https://www.slideshare.net/adobe/adobe-consumer-email-survey-report-2017}
}

%Nearly half (49.1%) of all emails are read on mobile
@ONLINE{pcVsphone_emailsHalfReadOnMobile,
    author = {{Watson Marketing}},
    title = {2018 Marketing Benchmark Report},
    year = {2018},
    pages = {25},
    note = {[Online; accessed Jan 30, 2023]},
    url = {https://advance.biz-tech-insights.com/whitepaper/Watson-Marketing-Digital-Benchmark-Report.pdf}
}

% Google actually announced that it was going to start indexing websites based on their mobile versions
@ONLINE{pcVsphone_mobileFirstIndexing,
    author = {Doantam Phan},
    title = {Mobile-first indexing},
    year = {2016},
    month = nov,
    note = {[Online; accessed Jan 30, 2023]},
    url = {https://developers.google.com/search/blog/2016/11/mobile-first-indexing}
}

% 79% of people say they’re more likely to revisit and/or share a mobile site if it is easy to use
@ONLINE{pcVsphone_peopleWillRevisitMobileIfEasyToUse,
    author = {79\% of people say they’re more likely to revisit and/or share a mobile site if it is easy to use.},
    title = {Getting Things Done on Mobile},
    year = {2017},
    month = dec,
    note = {[Online; accessed Jan 30, 2023]},
    url = {https://www.thinkwithgoogle.com/consumer-insights/consumer-trends/smartphone-productivity-tools-revisit-mobile/}
}

% Desktop vs. Mobile vs. Tablet Usage on the Web -> in 2020 68% Mobile und 29% Desktop !!!WebsiteVisits!!!
% US vs. Global Average Time on Site in Seconds -> in 2020 ~170s Mobile und ~350s Desktop average websitevisit duration
% US vs. Global Average Bounce Rate in 2019 and 2020 -> in 2020 50% Mobile und 40% Desktop bouncerate
% US vs. Global Average Page Views Per Visit -> in 2020 2,6 Mobile und 4 Desktop page views per visit
% Percentage of US and Global Desktop Visits in 2020 -> Suchanfragen unterscheiden sich nach Gerät -> in 2020 Computers&Electornics, Jobs&Education, Scienc vs Sports, People&Socitey, News, Food&Drink
@ONLINE{pcVsphone_onWebsites_DevicesDistrubition_TimeSpent_Bouncrate_PageViews_Categories,
    author = {{Eric Enge}},
    title = {Mobile vs. Desktop Usage in 2020},
    year = {2021},
    month = mar,
    note = {[Online; accessed Jan 28, 2023]},
    url = {https://www.perficient.com/insights/research-hub/mobile-vs-desktop-usage}
}

%keine Primärquelle! (estimate) mobile time spent on app (88%) vs browser 
@ONLINE{pcVsphone_mobileAppVsWebTimeSpent,
    author = {{Yoram Wurmser}},
    title = {The Majority of Americans’ Mobile Time Spent Takes Place in Apps},
    year = {2020},
    month = jul,
    note = {[Online; accessed Jan 30, 2023]},
    url = {https://www.insiderintelligence.com/content/the-majority-of-americans-mobile-time-spent-takes-place-in-apps}
}

@ONLINE{pcVsphone_smartphoneWebTrafficHigherThanPc,
    author = {{statcounter}},
    title = {Desktop vs Mobile Market Share Worldwide},
    year = {2022},
    note = {[Online; accessed Jan 30, 2023]},
    url = {https://gs.statcounter.com/platform-market-share/desktop-mobile/worldwide/#yearly-2011-2022}
}



%sekundärquelle? Global Average Smartphone NAND Flash Capacity (in GB)
@ONLINE{pcVsphone_vendors,
    author = {{statcounter}},
    title = {Mobile Vendor Market Share Worldwide},
    year = {2022},
    note = {[Online; accessed Jan 31, 2023]},
    url = {https://gs.statcounter.com/vendor-market-share/mobile}
}


%FullWebSite
@ONLINE{pcVsphone_threeSeconds,
    author = {{Google Data}},
    title = {53\% of visits are abandoned if a mobile site takes longer than 3 seconds to load},
    year = {2016},
    month = mar,
    note = {[Online; accessed Jan 27, 2023]},
    url = {https://www.thinkwithgoogle.com/consumer-insights/consumer-trends/mobile-site-load-time-statistics/}
}

%Sekundärquelle todo: richtige quelle anfragen bei counterpoint -> maybe einfach so lassen, auch wenn man sie nicht einsehen kann - prof fragen?
@ONLINE{pcVsphone_storageSmartphone,
    author = {{Counterpoint}},
    title = {Average Smartphone NAND Flash Capacity Crossed 100GB in 2020},
    year = {2021},
    month = mar,
    note = {[Online; accessed Jan 26, 2023]},
    url = {https://report.counterpointresearch.com/posts/report_view/Individual/2292} %{https://www.counterpointresearch.com/average-smartphone-nand-flash-capacity-crossed-100gb-2020/}
}

@ONLINE{pcVsphone_storageSeagate,
    author = {{Seagate}},
    title = {Supplemental financial information},
    year = {2022},
    pages = {9},
    note = {[Online; accessed Feb 3, 2023]},
    url = {https://s24.q4cdn.com/101481333/files/doc_financials/2022/q4/STX-Supplemental-FQ4'22.pdf}
}

%stats of used screen resolutions wordwide
@ONLINE{pcVsphone_screenResolutionStats,
    author = {{statcounter}},
    title = {Desktop Screen Resolution Stats Worldwide},
    year = {2023},
    note = {[Online; accessed Feb 6, 2023]},
    url = {https://gs.statcounter.com/screen-resolution-stats/desktop/worldwide/#yearly-2022-2022-bar}
} %use both together to estimate monitor size
@ONLINE{pcVsphone_screenResolutionToSize,
    author = {{RapidTables}},
    title = {Screen Resolution Statistics},
    year = {2014},
    note = {[Online; accessed Feb 6, 2023]},
    url = {https://www.rapidtables.com/web/dev/screen-resolution-statistics.html}
}

%phones screen sizes tends to get larger
@ONLINE{pcVsphone_screenSizePhone,
    author = {{IDC; Statista estimates}},
    title = {Smartphone unit shipments worldwide by screen size from 2018 to 2022 (in millions)*},
    year = {2023},
    month = {jan},
    note = {[Online; accessed Feb 6, 2023]},
    url = {https://www.statista.com/statistics/684294/global-smartphone-shipments-by-screen-size/}
}

die erfolgreichsten vendors (apple, samsung, xiaomi)
@ONLINE{pcVsphone_vendors,
    author = {{statcounter}},
    title = {Mobile Vendor Market Share Worldwide},
    year = {2022},
    note = {[Online; accessed Feb 6, 2023]},
    url = {https://gs.statcounter.com/vendor-market-share/mobile/worldwide/#monthly-202212-202212-bar}
}

@ONLINE{pcVsphone_deviceSupportGoogle,
    author = {{Google}},
    title = {Learn when you'll get software updates on Google Pixel phones},
    year = {OD},
    note = {[Online; accessed Feb 6, 2023]},
    url = {https://support.google.com/nexus/answer/4457705?hl=en#zippy=}
}

@ONLINE{pcVsphone_deviceSupportApple,
    author = {{Statista}},
    title = {How Long Does Apple Support Older iPhone Models?},
    year = {2022},
    month = {sep},
    note = {[Online; accessed Feb 6, 2023]},
    url = {https://www.statista.com/chart/5824/ios-iphone-compatibility/}
}









%---------------------nicht Funktionale Anforderungen---------------------%
@ONLINE{nfA_bugsAbandon,
    author = {{Qualitest}},
    title = {Survey: 88\% of App Users Will Abandon Apps Based on Bugs and Glitches},
    year = {2017},
    month = {may},
    note = {[Online; accessed Feb 8, 2023]},
    url = {https://qualitestgroup.com/news/survey-88-of-app-users-will-abandon-apps-based-on-bugs-and-glitches/}
}

%Did you know that 54% of users who left a 1-star review in the Play Store mentioned app stability and bugs?
@ONLINE{nfA_bugsReview,
    author = {{Google Play internal data}},
    year = {2021},
    month = {may}
}


%%%User will abandon app + never use it again + will leave bad review if BUGS
%https://firebase.blog/posts/2021/07/the-firebase-guide-to-building-stable-high-performing-apps
%-> https://qualitestgroup.com/news/survey-88-of-app-users-will-abandon-apps-based-on-bugs-and-glitches/
%https://android-developers.googleblog.com/2022/03/app-excellence-summit-2022.html
%-> Google Play internal data, May 2021


@ONLINE{nfA_sandbox,
    author = {{Apple}},
    title = {App Sandbox},
    year = {OD},
    note = {[Online; accessed Feb 8, 2023]},
    url = {https://developer.apple.com/documentation/security/app_sandbox}
}










%---------------------konvention---------------------%

@ONLINE{konventionen_buttonSize,
    author = {{Apple}},
    title = {Buttons},
    year = {2023},
    note = {[Online; accessed Feb 5, 2023]},
    url = {https://developer.apple.com/design/human-interface-guidelines/components/menus-and-actions/buttons/}
}

@ONLINE{konventionen_guidelinesApple,
    author = {{Apple}},
    title = {Designing for iOS},
    year = {2023},
    note = {[Online; accessed Feb 5, 2023]},
    url = {https://developer.apple.com/design/human-interface-guidelines/platforms/designing-for-ios}
}
@ONLINE{konventionen_guidelinesGoogle,
    author = {{Google}},
    title = {Material Design},
    year = {2023},
    note = {[Online; accessed Feb 5, 2023]},
    url = {https://m3.material.io}
}










%---------------------technologische überlegungen---------------------%
%~103k stars
@ONLINE{tech_reactNativStars,
    author = {Facebook},
    title = {react-native},
    year = {2023},
    note = {[Online; accessed Feb 13, 2023]},
    url = {https://github.com/facebook/react-native}
}
%~150k start
@ONLINE{tech_flutterStars,
    author = {Google},
    title = {flutter},
    year = {2023},
    note = {[Online; accessed Feb 13, 2023]},
    url = {https://github.com/flutter/flutter}
}
%flutter>react
@ONLINE{tech_googleTrendsFlutterVsReactNative,
    author = {Google},
    title = {Google Trends Vergleich: Flutter vs React Native},
    year = {2023},
    note = {[Online; accessed Feb 13, 2023]},
    url = {https://trends.google.de/trends/explore?date=2021-12-01%202023-02-13&q=%2Fg%2F11f03_rzbg,%2Fg%2F11h03gfxy9}
}
%flutter has 22 animation components
@ONLINE{tech_componentsFlutter,
    author = {Google},
    title = {Animation and motion widgets},
    year = {OD},
    note = {[Online; accessed Feb 14, 2023]},
    url = {https://docs.flutter.dev/development/ui/widgets/animation}
}
%react native has 25 total components
@ONLINE{tech_componentsReactNative,
    author = {Meta Platforms},
    title = {Core Components and APIs},
    year = {OD},
    note = {[Online; accessed Feb 14, 2023]},
    url = {https://reactnative.dev/docs/components-and-apis}
}

%flutter>reactNative in performance
@ONLINE{tech_performanceReactNativeVsFlutter1,
    author = {inVerita},
    title = {Flutter vs React Native vs Native: Deep Performance Comparison},
    year = {2020},
    month = {jun},
    note = {[Online; accessed Feb 14, 2023]},
    url = {https://medium.com/swlh/flutter-vs-react-native-vs-native-deep-performance-comparison-990b90c11433}
}
@ONLINE{tech_performanceReactNativeVsFlutter2,
    author = {inVerita},
    title = {Flutter vs Native vs React-Native: Examining performance},
    year = {2020},
    month = {mar},
    note = {[Online; accessed Feb 14, 2023]},
    url = {https://medium.com/swlh/flutter-vs-native-vs-react-native-examining-performance-31338f081980}
}

%Packages
@ONLINE{tech_packageGithub,
    author = {spinlock.sh},
    title = {github 9.9.0},
    year = {2014},
    month = {jul},
    note = {[Online; accessed Feb 15, 2023]},
    url = {https://pub.dev/packages/github}
}
@ONLINE{tech_packageLints,
    author = {flutter.dev},
    title = {flutter\_lints 2.0.1},
    year = {2021},
    month = {may},
    note = {[Online; accessed Feb 15, 2023]},
    url = {https://pub.dev/packages/flutter_lints}
}
@ONLINE{tech_packageTest,
    author = {dart.dev},
    title = {test 1.23.1},
    year = {OD},
    note = {[Online; accessed Feb 15, 2023]},
    url = {https://pub.dev/packages/test}
}
@ONLINE{tech_packageJson,
    author = {google.dev},
    title = {json\_serializable 6.6.1},
    year = {2017},
    mont = {jul},
    note = {[Online; accessed Feb 15, 2023]},
    url = {https://pub.dev/packages/json_serializable}
}

@ONLINE{tech_ideSuggestion,
    author = {flutter},
    title = {Set up an editor},
    year = {OD},
    note = {[Online; accessed Feb 15, 2023]},
    url = {https://docs.flutter.dev/get-started/editor?tab=androidstudio}
}
%flutter update new features -> Menu bars and cascading menus
@ONLINE{tech_flutterUpdate,
    author = {Kevin Chisholm},
    title = {What’s new in Flutter 3.7},
    year = {2023},
    mont =  {jan},
    note = {[Online; accessed Feb 16, 2023]},
    url = {https://medium.com/flutter/whats-new-in-flutter-3-7-38cbea71133c}
}




%---------------------Nicht Benutzte Quellen---------------------%

%vielleicht eher andere studie, wird nicht genau erklärt wie es zu dieser rechnug kam
%On average, Americans check their phones 344 times per day. (That’s once every 4 minutes!)
@ONLINE{dontUse_,
    author = {{Trevor Wheelwright}},
    title = {2022 Cell Phone Usage Statistics: How Obsessed Are We?},
    year = {2022},
    month = jan,
    note = {[Online; accessed Jan 30, 2023]},
    url = {https://www.reviews.org/mobile/cell-phone-addiction/}
}

%worseSecond, worse source than gwi
% average of 4 hours 48m Spent on Mobile Per Day Per User
@ONLINE{dontUse_worseSecond_pcVsphone_phoneScreenTime,
    author = {{data.ai}},
    title = {state of mobile 2022},
    year = {2022},
    pages = {6},
    note = {[Online; accessed Jan 30, 2023]},
    url = {https://www.data.ai/en/go/state-of-mobile-2022/}
} 

%worse second, gwi has more teilnehmer: https://www.pewresearch.org/internet/wp-content/uploads/sites/9/2021/04/PI_2021.04.07_Social-Media-Use_FINAL.pdf - Methodology
%ownership phone: 85 ownership pc/laptop: 77
@ONLINE{dontUse_worseSecond_pcVsphone_deviceOwnership,
    author = {{Pew Research Center}},
    title = {Mobile Fact Sheet},
    year = {2021},
    month = apr,
    note = {[Online; accessed Jan 28, 2023]},
    url = {https://www.pewresearch.org/internet/fact-sheet/mobile/#panel-8fffa996-faa6-4cee-ae6b-d58c239bc009}
}

%Useless: Individuals using the Internet (% of population)
@ONLINE{dontUse_pcVsphone_smartphoneWebTrafficHigherThanPc,
    author = {{The World Bank}},
    title = {Individuals using the Internet (\% of population)},
    year = {2021},
    note = {[Online; accessed Jan 31, 2023]},
    url = {https://data.worldbank.org/indicator/IT.NET.USER.ZS}
}












%---------------------Other---------------------%


%FullWebSite %todo quelle bewerten oder https://asana.com/de/resources/technical-debt
@ONLINE{technischeSchulden,
    author = {{Daniel Wassmer}},
    title = {Wie der Product Owner das Auftürmen technischer Schulden verhindert},
    year = {2020},
    month = apr,
    note = {[Online; accessed Jan 25, 2023]},
    url = {https://blog.noser.com/wie-der-product-owner-das-auftuermen-technischer-schulden-verhindert/}
}

%FullWebSite
@ONLINE{techCompanies,
    author = {{Ceren Kurban}},
    title = {World’s 22 Biggest Tech Companies of 2023},
    year = {2022},
    month = nov,
    note = {[Online; accessed Jan 24, 2023]},
    url = {https://userguiding.com/blog/biggest-tech-companies/}
}


%webPic
@Misc{wasserfallmodellPic,
    author = {{Paul Hoadley, Paul Smith and Shmuel Csaba Otto Traian}},
    title = {Das Wasserfallmodell},
    year = {2013},
    month = aug,
    note = {[Online; accessed Jan 19, 2023]},
    url = {https://de.wikipedia.org/wiki/Vorgehensmodell_zur_Softwareentwicklung#/media/Datei:Waterfall_model-de.svg}
}

%FullWebSite
@ONLINE{einleitung_ipod,
    author = {{Wikimedia universe}},
    title = {iPod Nano},
    year = {2023},
    month = jan,
    note = {[Online; accessed Feb 9, 2023]},
    url = {https://de.wikipedia.org/wiki/IPod#Erste_Generation}
}









%---------------------Examples---------------------%

@InProceedings{DjeOezSal07,
  author    = {Riad Djemili and Christopher Oezbek and Stephan Salinger},
  title     = {{Saros: Eine Eclipse-Erweiterung zur verteilten Paarprogrammierung.}},
  booktitle = {Software Engineering (Workshops)},
  year      = {2007},
  date      = {2007-09-20},
  editor    = {Wolf-Gideon Bleek and Henning Schwentner and Heinz Züllighoven},
  volume    = {106},
  series    = {LNI},
  publisher = {GI},
  isbn      = {978-3-88579-200-0},
  pages     = {317-320},
  url       = {http://www.inf.fu-berlin.de/inst/ag-se/pubs/saros-2007.pdf},
}

@InProceedings{CocWil00,
  author    = {Alistair Cockburn and Laurie Williams},
  title     = {{The Costs and Benefits of Pair Programming}},
  booktitle = {eXtreme Programming and Flexible Processes in Software Engineering XP2000},
  year      = {2000},
  publisher = {Addison-Wesley},
  pages     = {223--247},
}

@MastersThesis{Dje06,
  author = {R. Djemili},
  title  = {{Entwicklung einer Eclipse-Erweiterung zur Realisierung und Protokollierungverteilter Paarprogrammierung}},
  year   = {2006},
  type   = {Diplomarbeit},
  school = {Freie Universität Berlin, Inst. für Informatik},
}

@Misc{FowlerM04b,
  author       = {Fowler, Martin},
  title        = {{Inversion of Control Containers and the Dependency Injection pattern}},
  year         = {2004},
  howpublished = {\url{http://www.martinfowler.com/articles/injection.html}},
  month        = jan,
  url          = {http://www.martinfowler.com/articles/injection.html},
}

@Book{GOF95,
  author    = {Gamma, Erich and Helm, Richard and Johnson, Ralph and Vlissides, John},
  title     = {Design patterns: elements of reusable object-oriented software},
  year      = {1995},
  publisher = {Addison-Wesley Professional},
}

@MastersThesis{DPPII,
  author = {Björn Gustavs},
  title  = {{Weiterentwicklung des Eclipse-Plug-Ins Saros zur Verteilten Paarprogrammierung}},
  year   = {2007},
  type   = {Diplomarbeit},
  month  = oct,
  url    = {http://www.inf.fu-berlin.de/inst/ag-se/theses/Gustavs_Saros_DPPII.pdf},
}

@MastersThesis{DPPIV,
  author = {Christoph Jacob},
  title  = {{Weiterentwicklung eines Werkzeuges zur verteilten, kollaborativen Softwareentwicklung}},
  year   = {2009},
  type   = {Diplomarbeit},
  school = {Freie Universität Berlin},
}

@Electronic{Plonka,
  author       = {Laura Plonka},
  title        = {{Analysis of Professional Pair Programmers}},
  url          = {http://www.inf.fu-berlin.de/w/SE/AnalysisOfProfessionalPairProgrammers},
  organization = {Freie Universität Berlin},
  howpublished = {\url{http://www.inf.fu-berlin.de/w/SE/AnalysisOfProfessionalPairProgrammers}},
}

@MastersThesis{DPPIII,
  author = {Oliver Rieger},
  title  = {{Weiterentwicklung einer Eclipse-Erweiterung für verteilte Paar-Programmierung im Hinblick auf Kollaboration und Kommunikation}},
  year   = {2008},
  type   = {Diplomarbeit},
  school = {Freie Universität Berlin},
}

@MastersThesis{DPPV,
  author       = {Marc Rintsch},
  title        = {{Agile Weiterentwicklung eines Software-Werkzeuges zur verteilten Paarprogrammierung}},
  year         = {2009},
  type         = {Studienarebti},
  month        = jun,
  url          = {http://www.mi.fu-berlin.de/wiki/pub/Main/MarcRintsch/studienarbeit.pdf},
  howpublished = {\url{http://www.mi.fu-berlin.de/wiki/pub/Main/MarcRintsch/studienarbeit.pdf}},
}

@MastersThesis{Rosen,
  author       = {Edna Rosen},
  title        = {{Verteilte Paarprogrammierung im industriellen Umfeld Etablierung und qualitative empirische Untersuchung }},
  year         = {2009},
  type         = {Diplomarbeit},
  howpublished = {\url{http://www.inf.fu-berlin.de/inst/ag-se/theses/Rosen09-DPP-management.pdf}},
}

@Comment{jabref-meta: databaseType:biblatex;}
